@article{weinmann2015,
	title={Semantic point cloud interpretation based on optimal neighborhoods, relevant features and efficient classifiers},
	author={Weinmann, Martin and Jutzi, Boris and Hinz, Stefan and Mallet, Cl{\'e}ment},
	journal={ISPRS Journal of Photogrammetry and Remote Sensing},
	volume={105},
	pages={286--304},
	year={2015},
	publisher={Elsevier}
}

@article{hackel2016fast,
	title={FAST SEMANTIC SEGMENTATION OF 3D POINT CLOUDS WITH STRONGLY VARYING DENSITY.},
	author={Hackel, Timo and Wegner, Jan D and Schindler, Konrad},
	journal={ISPRS Annals of Photogrammetry, Remote Sensing \& Spatial Information Sciences},
	volume={3},
	number={3},
	year={2016}
}